@misc{PlutoRed,
  title        = {Pluto: The 'Other' Red Planet},
  author       = {{NASA}},
  howpublished = {\url{https://www.nasa.gov/nh/pluto-the-other-red-planet}},
  year         = 2015,
  note         = {Accessed: 2018-12-06}
}
@techreport{ISO9241-210,
  abstract        = {ISO 9241-210:2010 provides requirements and recommendations for human-centred design principles and activities throughout the life cycle of computer-based interactive systems. It is intended to be used by those managing design processes, and is concerned with ways in which both hardware and software components of interactive systems can enhance humanâ€“system interaction.},
  type            = {Norm},
  author          = {ISO9241-210},
  institution     = {International Organization for Standardization},
  mendeley-groups = {SQF62 - Usability Testing},
  pages           = {32},
  title           = {{Prozess zur Gestaltung gebrauchstauglicher interaktiver Systeme}},
  year            = {2010}
}
@book{Jacobsen2017,
  abstract        = {- Was jeder wissen sollte, der Websites und Apps entwickelt - Bew"ahrte Methoden praxisnah erkl"art},
  address         = {Bonn},
  author          = {Jacobsen, Jens and Meyer, Lorena},
  isbn            = {978-3-836-24423-7},
  mendeley-groups = {SQF62 - Usability Testing},
  publisher       = {Rheinwerk Verlag GmbH},
  title           = {{Praxisbuch Usability und UX}},
  year            = {2017}
}
@book{Richter2016,
  abstract        = {RF16},
  address         = {Berlin, Heidelberg},
  author          = {Richter, Michael and Fl"uckiger, Markus D.},
  doi             = {10.1007/978-3-662-49828-6},
  isbn            = {978-3-662-49827-9},
  mendeley-groups = {SQF62 - Usability Testing},
  publisher       = {Springer Berlin Heidelberg},
  series          = {IT kompakt},
  title           = {{Usability und UX kompakt}},
  year            = {2016}
}
@book{Krug2010,
  abstract        = {Literaturangaben},
  author          = {Krug, Steve},
  isbn            = {3827329744},
  mendeley-groups = {SQF62 - Usability Testing},
  publisher       = {Addison-Wesley},
  title           = {{Web usability: rocket surgery made easy}},
  year            = {2010}
}
% you can add all your researched literatur here during research pohase, BibTeX will automatically only list those entries that you actually reference (with \cite) in your text!
@book{Pratchett1990,
  author    = {Terry Pratchett},
  title     = {{Guards! Guards!}},
  publisher = {Corgi},
  isbn      = {0552134627},
  year      = {1990}
}
